<?xml version="1.0" encoding="UTF-8"?><collection xmlns="http://www.loc.gov/MARC21/slim"><record><leader>00397nam--2200133-i-4500</leader><controlfield tag="001">000036179</controlfield><controlfield tag="002">20161230</controlfield><controlfield tag="005">20161230201040</controlfield><controlfield tag="008">060222s1000------------r-----000-0-eng-d</controlfield><datafield ind1=" " ind2=" " tag="080"><subfield code="a">543.544</subfield></datafield><datafield ind1=" " ind2=" " tag="100"><subfield code="a">Nascutiu, Tiberiu-eugen</subfield></datafield><datafield ind1=" " ind2=" " tag="245"><subfield code="a">Aplicarea radiocromatografiei pe hirtie la analiza substantelor anorganice.autoreferat</subfield></datafield><datafield ind1=" " ind2=" " tag="260"><subfield code="a">Bucuresti, Facultatea De Chimie, 1968. 68p</subfield></datafield><datafield ind1=" " ind2=" " tag="852"><subfield code="a">35135</subfield></datafield></record></collection>